<?xml version="1.0" encoding="UTF-8"?><collection xmlns="http://www.loc.gov/MARC21/slim"><record><leader>00449nam--2200169-u-4500</leader><controlfield tag="001">000051699</controlfield><controlfield tag="002">20161230</controlfield><controlfield tag="005">20161230201049</controlfield><controlfield tag="008">080821s1000------------r-----000-0-eng-d</controlfield><datafield ind1=" " ind2=" " tag="040"><subfield code="a">IFIN-HH</subfield></datafield><datafield ind1="1" ind2=" " tag="100"><subfield code="a">Karleson, L</subfield></datafield><datafield ind1="1" ind2="0" tag="245"><subfield code="a">Izbrannie problemi teorii iskliucetelnih mnosetv</subfield></datafield><datafield ind1=" " ind2=" " tag="260"><subfield code="a">Moskva</subfield><subfield code="b">Izdatelstvo Mir</subfield><subfield code="c">1971</subfield></datafield><datafield ind1=" " ind2=" " tag="300"><subfield code="a">125 p</subfield></datafield><datafield ind1=" " ind2=" " tag="490"><subfield code="a">Biblioteca Sbornika Matematika</subfield></datafield><datafield ind1=" " ind2=" " tag="852"><subfield code="a">75908</subfield><subfield code="c">517.53</subfield></datafield><datafield ind1=" " ind2=" " tag="CAT"><subfield code="a">Sys</subfield><subfield code="c">20080821</subfield><subfield code="h">085040</subfield></datafield></record></collection>